
<marc:record>
<marc:leader>01000cam# 22002601a 4500</marc:leader>
<marc:controlfield tag="001">SEX00016568</marc:controlfield>
<marc:controlfield tag="003">SEX</marc:controlfield>
<marc:controlfield tag="005">20190911113228</marc:controlfield>
<marc:controlfield tag="008">20130610|        ###||||||b   |||||||ES  ||</marc:controlfield>
 <marc:datafield tag="020"  ind1=" " ind2=" " >
  <marc:subfield code="a">9789879406524</marc:subfield>
 </marc:datafield>
 <marc:datafield tag="037"  ind1=" " ind2=" " >
  <marc:subfield code="a">00018169</marc:subfield>
 </marc:datafield>
 <marc:datafield tag="040"  ind1=" " ind2=" " >
  <marc:subfield code="a">AR-SmtUNC</marc:subfield>
  <marc:subfield code="b">spa</marc:subfield>
 </marc:datafield>
 <marc:datafield tag="041"  ind1=" " ind2=" " >
  <marc:subfield code="b">spa</marc:subfield>
 </marc:datafield>
 <marc:datafield tag="044"  ind1=" " ind2=" " >
  <marc:subfield code="b">ag</marc:subfield>
 </marc:datafield>
 <marc:datafield tag="046"  ind1=" " ind2=" " >
 </marc:datafield>
 <marc:datafield tag="080"  ind1=" " ind2=" " >
  <marc:subfield code="a">624.014:693.8</marc:subfield>
  <marc:subfield code="2">T743e7e</marc:subfield>
 </marc:datafield>
 <marc:datafield tag="080"  ind1=" " ind2=" " >
  <marc:subfield code="a">CDU</marc:subfield>
 </marc:datafield>
 <marc:datafield tag="100"  ind1=" " ind2=" " >
  <marc:subfield code="a">Troglia Gabriel R.</marc:subfield>
 </marc:datafield>
 <marc:datafield tag="245"  ind1="" ind2="" >
  <marc:subfield code="a">Estructuras metálicas : </marc:subfield>
  <marc:subfield code="b">proyecto por estados límites / Gabriel R. Troglia /</marc:subfield>
  <marc:subfield code="c">Troglia, Gabriel R.; </marc:subfield>
  <marc:subfield code="h"></marc:subfield>
 </marc:datafield>
 <marc:datafield tag="250"  ind1=" " ind2=" " >
  <marc:subfield code="d">7a. ed.</marc:subfield>
 </marc:datafield>
 <marc:datafield tag="260"  ind1=" " ind2=" " >
  <marc:subfield code="c">/c.2007/</marc:subfield>
  <marc:subfield code="b">Jorge Sarmiento Editor</marc:subfield>
  <marc:subfield code="a">/Cordoba/</marc:subfield>
 </marc:datafield>
 <marc:datafield tag="300"  ind1=" " ind2=" " >
  <marc:subfield code="a">pág. varía</marc:subfield>
  <marc:subfield code="b">fig. ; tablas. ; cuadros. ; 24 cm.  (ACDEC, Asociación Coop. del Dpto. de Estructuras, Facultad de Cs. Exactas, Físicas y Naturales de la Universidad Nacional de Cordoba)</marc:subfield>
 </marc:datafield>
 <marc:datafield tag="338"  ind1=" " ind2=" " >
  <marc:subfield code="a"></marc:subfield>
 </marc:datafield>
 <marc:datafield tag="500"  ind1=" " ind2=" " >
  <marc:subfield code="a">Ing. Civil posee Pte. I: Fundamentos, procedimientos y criterios de proyecto</marc:subfield>
 </marc:datafield>
 <marc:datafield tag="500"  ind1=" " ind2=" " >
  <marc:subfield code="a">Bibliografía al final del libro</marc:subfield>
 </marc:datafield>
 <marc:datafield tag="650"  ind1=" " ind2="4 " >
  <marc:subfield code="a">INGENIERIA CIVIL</marc:subfield>
 </marc:datafield>
 <marc:datafield tag="653"  ind1=" " ind2="4 " >
  <marc:subfield code="a">INGENIERIA CIVIL</marc:subfield>
 </marc:datafield>
 <marc:datafield tag="653"  ind1=" " ind2="4 " >
  <marc:subfield code="a">ESTRUCTURAS METALICAS</marc:subfield>
 </marc:datafield>
 <marc:datafield tag="653"  ind1=" " ind2="4 " >
  <marc:subfield code="a">ESPECIFICACIONES 301-308</marc:subfield>
 </marc:datafield>
 <marc:datafield tag="653"  ind1=" " ind2="4 " >
  <marc:subfield code="a">PROYECTO ESTRUCTURAL</marc:subfield>
 </marc:datafield>
 <marc:datafield tag="653"  ind1=" " ind2="4 " >
  <marc:subfield code="a">ACERO ESTRUCTURAL</marc:subfield>
 </marc:datafield>
 <marc:datafield tag="653"  ind1=" " ind2="4 " >
  <marc:subfield code="a">ANALISIS ESTRUCTURAL</marc:subfield>
 </marc:datafield>
 <marc:datafield tag="653"  ind1=" " ind2="4 " >
  <marc:subfield code="a">REGLAMENTO CIRSOC 301</marc:subfield>
 </marc:datafield>
 <marc:datafield tag="653"  ind1=" " ind2="4 " >
  <marc:subfield code="a">TECNOLOGIA DE LA CONSTRUCCION</marc:subfield>
 </marc:datafield>
 <marc:datafield tag="653"  ind1=" " ind2="4 " >
  <marc:subfield code="a">UNIONES ABULONADAS</marc:subfield>
 </marc:datafield>
 <marc:datafield tag="653"  ind1=" " ind2="4 " >
  <marc:subfield code="a">FABRICACION, MONTAJE, PROTECCION DE LA ESTRUCTURA</marc:subfield>
 </marc:datafield>
 <marc:datafield tag="942"  ind1=" " ind2="" >
  <marc:subfield code="c">BK</marc:subfield>
 </marc:datafield>
 <marc:datafield tag="952"  ind1=" " ind2=" " >
  <marc:subfield code="p">00018169</marc:subfield>
  <marc:subfield code="i">00018169</marc:subfield>
  <marc:subfield code="t">T. I</marc:subfield>
  <marc:subfield code="g">$</marc:subfield>
  <marc:subfield code="e">Compra Ing. G. Robledo</marc:subfield>
  <marc:subfield code="f">Ej. disp. Ing. Civil, Ing. G. Robledo, Estructuras Metálicas, 4-1-04</marc:subfield>
 </marc:datafield>
</marc:record>