
<marc:record>
<marc:leader>01000cam# 22002601a 4500</marc:leader>
<marc:controlfield tag="001">SEX00016580</marc:controlfield>
<marc:controlfield tag="003">SEX</marc:controlfield>
<marc:controlfield tag="005">20190911113228</marc:controlfield>
<marc:controlfield tag="008">20130612|        ###||||||b   |||||||ES  ||</marc:controlfield>
 <marc:datafield tag="020"  ind1=" " ind2=" " >
  <marc:subfield code="a">8448100816</marc:subfield>
 </marc:datafield>
 <marc:datafield tag="037"  ind1=" " ind2=" " >
  <marc:subfield code="a">00018178</marc:subfield>
 </marc:datafield>
 <marc:datafield tag="040"  ind1=" " ind2=" " >
  <marc:subfield code="a">AR-SmtUNC</marc:subfield>
  <marc:subfield code="b">spa</marc:subfield>
 </marc:datafield>
 <marc:datafield tag="041"  ind1=" " ind2=" " >
  <marc:subfield code="b">spa</marc:subfield>
 </marc:datafield>
 <marc:datafield tag="044"  ind1=" " ind2=" " >
  <marc:subfield code="b">sp</marc:subfield>
 </marc:datafield>
 <marc:datafield tag="046"  ind1=" " ind2=" " >
 </marc:datafield>
 <marc:datafield tag="080"  ind1=" " ind2=" " >
  <marc:subfield code="a">681.3.06</marc:subfield>
  <marc:subfield code="2">L891 F39a</marc:subfield>
 </marc:datafield>
 <marc:datafield tag="080"  ind1=" " ind2=" " >
  <marc:subfield code="a">CDU</marc:subfield>
 </marc:datafield>
 <marc:datafield tag="100"  ind1=" " ind2=" " >
  <marc:subfield code="a">López Fernández Javier</marc:subfield>
 </marc:datafield>
 <marc:datafield tag="245"  ind1="" ind2="" >
  <marc:subfield code="a">AutoCAD avanzado, versión 12 (incluye AME v.2, RENDER, ASE, aplicaciones ADS / Javier  López Fernández /y/ José Antonio Tajadura Zapirain /</marc:subfield>
  <marc:subfield code="b"></marc:subfield>
  <marc:subfield code="c">López Fernández, Javier; Tajadura Zapirain, José Antonio; </marc:subfield>
  <marc:subfield code="h"></marc:subfield>
 </marc:datafield>
 <marc:datafield tag="260"  ind1=" " ind2=" " >
  <marc:subfield code="c">/c.1993/</marc:subfield>
  <marc:subfield code="b">McGraw-Hill</marc:subfield>
  <marc:subfield code="a">Madrid</marc:subfield>
 </marc:datafield>
 <marc:datafield tag="300"  ind1=" " ind2=" " >
  <marc:subfield code="a">xx, 588 p</marc:subfield>
  <marc:subfield code="b">fig. ; tablas. ;  27 cm.</marc:subfield>
 </marc:datafield>
 <marc:datafield tag="338"  ind1=" " ind2=" " >
  <marc:subfield code="a"></marc:subfield>
 </marc:datafield>
 <marc:datafield tag="500"  ind1=" " ind2=" " >
  <marc:subfield code="a">Apéndices p: 557-584</marc:subfield>
 </marc:datafield>
 <marc:datafield tag="500"  ind1=" " ind2=" " >
  <marc:subfield code="a">Indice analítico p: 585-588</marc:subfield>
 </marc:datafield>
 <marc:datafield tag="650"  ind1=" " ind2="4 " >
  <marc:subfield code="a">INFORMATICA</marc:subfield>
 </marc:datafield>
 <marc:datafield tag="650"  ind1=" " ind2="4 " >
  <marc:subfield code="a">DIBUJO</marc:subfield>
 </marc:datafield>
 <marc:datafield tag="653"  ind1=" " ind2="4 " >
  <marc:subfield code="a">COMPUTACION</marc:subfield>
 </marc:datafield>
 <marc:datafield tag="653"  ind1=" " ind2="4 " >
  <marc:subfield code="a">AutoCAD AVANZADO</marc:subfield>
 </marc:datafield>
 <marc:datafield tag="653"  ind1=" " ind2="4 " >
  <marc:subfield code="a">DIBUJO:INICIACION</marc:subfield>
 </marc:datafield>
 <marc:datafield tag="653"  ind1=" " ind2="4 " >
  <marc:subfield code="a">GESTION DE LOS DIBUJOS</marc:subfield>
 </marc:datafield>
 <marc:datafield tag="653"  ind1=" " ind2="4 " >
  <marc:subfield code="a">MODELIZACION AVANZADA: EXTENSION</marc:subfield>
 </marc:datafield>
 <marc:datafield tag="653"  ind1=" " ind2="4 " >
  <marc:subfield code="a">REPRESENTACION DE OBJETOS EN TRES DIMENSIONES(RENDER)</marc:subfield>
 </marc:datafield>
 <marc:datafield tag="653"  ind1=" " ind2="4 " >
  <marc:subfield code="a">DIBUJO Y EDICION DE SOMBREADOS</marc:subfield>
 </marc:datafield>
 <marc:datafield tag="653"  ind1=" " ind2="4 " >
  <marc:subfield code="a">ORDENADORES</marc:subfield>
 </marc:datafield>
 <marc:datafield tag="653"  ind1=" " ind2="4 " >
  <marc:subfield code="a">DIBUJOS E IMAGENES DE TRAMA</marc:subfield>
 </marc:datafield>
 <marc:datafield tag="653"  ind1=" " ind2="4 " >
  <marc:subfield code="a">AutoCAD EN INTERNET</marc:subfield>
 </marc:datafield>
 <marc:datafield tag="653"  ind1=" " ind2="4 " >
  <marc:subfield code="a">AutoCAD:INTRODUCCION A LA PERSONALIZACION Y PROGRAMACION</marc:subfield>
 </marc:datafield>
 <marc:datafield tag="942"  ind1=" " ind2="" >
  <marc:subfield code="c">BK</marc:subfield>
 </marc:datafield>
 <marc:datafield tag="952"  ind1=" " ind2=" " >
  <marc:subfield code="p">00018178</marc:subfield>
  <marc:subfield code="i">00018178</marc:subfield>
  <marc:subfield code="g">$70</marc:subfield>
  <marc:subfield code="e">Compra Ing. Llorens, Agrimensura,Geodesia,  2-1-10</marc:subfield>
  <marc:subfield code="f">Ej. disp. Agrimensura, Geodesia, 2-1-10, Ing. Llorens</marc:subfield>
 </marc:datafield>
</marc:record>