
<marc:record>
<marc:leader>01000cam# 22002601a 4500</marc:leader>
<marc:controlfield tag="001">SEX00016614</marc:controlfield>
<marc:controlfield tag="003">SEX</marc:controlfield>
<marc:controlfield tag="005">20190911113228</marc:controlfield>
<marc:controlfield tag="008">20130613|        ###||||||b   |||||||ES  ||</marc:controlfield>
 <marc:datafield tag="037"  ind1=" " ind2=" " >
  <marc:subfield code="a">Laboratorio de Vias de Comunicación, Ing. Sebastian Chanta</marc:subfield>
 </marc:datafield>
 <marc:datafield tag="040"  ind1=" " ind2=" " >
  <marc:subfield code="a">AR-SmtUNC</marc:subfield>
  <marc:subfield code="b">spa</marc:subfield>
 </marc:datafield>
 <marc:datafield tag="041"  ind1=" " ind2=" " >
  <marc:subfield code="b">spa</marc:subfield>
 </marc:datafield>
 <marc:datafield tag="044"  ind1=" " ind2=" " >
  <marc:subfield code="b">ag</marc:subfield>
 </marc:datafield>
 <marc:datafield tag="046"  ind1=" " ind2=" " >
 </marc:datafield>
 <marc:datafield tag="080"  ind1=" " ind2=" " >
  <marc:subfield code="a">625.7/.8</marc:subfield>
  <marc:subfield code="2">D355t</marc:subfield>
 </marc:datafield>
 <marc:datafield tag="080"  ind1=" " ind2=" " >
  <marc:subfield code="a">CDU</marc:subfield>
 </marc:datafield>
 <marc:datafield tag="245"  ind1="" ind2="" >
  <marc:subfield code="a">Trabajos presentados al congreso : </marc:subfield>
  <marc:subfield code="b">29 de Septiembre al 3 de Octubre 1997 / XII Congreso Argentino de Vialidad y Transito /</marc:subfield>
  <marc:subfield code="c">XII Congreso Argentino de Vialidad y Transito, ; </marc:subfield>
  <marc:subfield code="h"></marc:subfield>
 </marc:datafield>
 <marc:datafield tag="260"  ind1=" " ind2=" " >
  <marc:subfield code="c">1997</marc:subfield>
  <marc:subfield code="b">JMA</marc:subfield>
  <marc:subfield code="a">Buenos Aires</marc:subfield>
 </marc:datafield>
 <marc:datafield tag="300"  ind1=" " ind2=" " >
  <marc:subfield code="a">957 p</marc:subfield>
  <marc:subfield code="b">fig. ; tablas. ; planillas. ; 24 cm.</marc:subfield>
 </marc:datafield>
 <marc:datafield tag="338"  ind1=" " ind2=" " >
  <marc:subfield code="a"></marc:subfield>
 </marc:datafield>
 <marc:datafield tag="500"  ind1=" " ind2=" " >
  <marc:subfield code="a">tipo de material sin especificar: Ej. disp. Laboratorio de Vias de Comunicación, Ing. Sebastian Chanta</marc:subfield>
 </marc:datafield>
 <marc:datafield tag="500"  ind1=" " ind2=" " >
  <marc:subfield code="a">Laboratorio de Vias de Comunicación posee T. 1</marc:subfield>
 </marc:datafield>
 <marc:datafield tag="650"  ind1=" " ind2="4 " >
  <marc:subfield code="a">INGENIERIA CIVIL</marc:subfield>
 </marc:datafield>
 <marc:datafield tag="650"  ind1=" " ind2="4 " >
  <marc:subfield code="a">ARGENTINA</marc:subfield>
 </marc:datafield>
 <marc:datafield tag="653"  ind1=" " ind2="4 " >
  <marc:subfield code="a">VIAS DE COMUNICACION</marc:subfield>
 </marc:datafield>
 <marc:datafield tag="653"  ind1=" " ind2="4 " >
  <marc:subfield code="a">CARRETERAS</marc:subfield>
 </marc:datafield>
 <marc:datafield tag="653"  ind1=" " ind2="4 " >
  <marc:subfield code="a">REPUBLICA ARGENTINA: CONCESIONES VIALES</marc:subfield>
 </marc:datafield>
 <marc:datafield tag="653"  ind1=" " ind2="4 " >
  <marc:subfield code="a">ACCIDENTES DE USUARIOS EN LAS CONCESIONES VIALES</marc:subfield>
 </marc:datafield>
 <marc:datafield tag="653"  ind1=" " ind2="4 " >
  <marc:subfield code="a">SISTEMA DE GERENCIA PARA CONSERVACION DE PUENTES</marc:subfield>
 </marc:datafield>
 <marc:datafield tag="653"  ind1=" " ind2="4 " >
  <marc:subfield code="a">TRANSPORTE AUTOMOTOR DE CARGAS</marc:subfield>
 </marc:datafield>
 <marc:datafield tag="653"  ind1=" " ind2="4 " >
  <marc:subfield code="a">CAMINOS</marc:subfield>
 </marc:datafield>
 <marc:datafield tag="653"  ind1=" " ind2="4 " >
  <marc:subfield code="a">CONTROL DE PESOS Y DIMENSIONES EN EL TRANSPORTE</marc:subfield>
 </marc:datafield>
 <marc:datafield tag="653"  ind1=" " ind2="4 " >
  <marc:subfield code="a">NIVEL DE SEGURIDAD DE UN CAMINO</marc:subfield>
 </marc:datafield>
 <marc:datafield tag="942"  ind1=" " ind2="" >
  <marc:subfield code="c">S/E</marc:subfield>
 </marc:datafield>
 <marc:datafield tag="952"  ind1=" " ind2=" " >
  <marc:subfield code="p">Laboratorio de Vias de Comunicación, Ing. Sebastian Chanta</marc:subfield>
  <marc:subfield code="i">Laboratorio de Vias de Comunicación, Ing. Sebastian Chanta</marc:subfield>
  <marc:subfield code="t">T. 1</marc:subfield>
  <marc:subfield code="g">$</marc:subfield>
  <marc:subfield code="e">Compra Laboratorio de Vias de Comunicación, Ing. Sebastian Chanta</marc:subfield>
  <marc:subfield code="f">Ej. disp. Laboratorio de Vias de Comunicación, Ing. Sebastian Chanta</marc:subfield>
 </marc:datafield>
</marc:record>