
<marc:record>
<marc:leader>01000cam# 22002601a 4500</marc:leader>
<marc:controlfield tag="001">SEX00016633</marc:controlfield>
<marc:controlfield tag="003">SEX</marc:controlfield>
<marc:controlfield tag="005">20190911113228</marc:controlfield>
<marc:controlfield tag="008">20130626|        ###||||||b   |||||||ES  ||</marc:controlfield>
 <marc:datafield tag="037"  ind1=" " ind2=" " >
  <marc:subfield code="a">Maestría y Doctorado en Ingeniería, Ing. Enrique Galindez</marc:subfield>
 </marc:datafield>
 <marc:datafield tag="040"  ind1=" " ind2=" " >
  <marc:subfield code="a">AR-SmtUNC</marc:subfield>
  <marc:subfield code="b">spa</marc:subfield>
 </marc:datafield>
 <marc:datafield tag="041"  ind1=" " ind2=" " >
  <marc:subfield code="b">eng</marc:subfield>
 </marc:datafield>
 <marc:datafield tag="044"  ind1=" " ind2=" " >
  <marc:subfield code="b">iso: HO</marc:subfield>
 </marc:datafield>
 <marc:datafield tag="046"  ind1=" " ind2=" " >
 </marc:datafield>
 <marc:datafield tag="080"  ind1=" " ind2=" " >
  <marc:subfield code="a">539.3</marc:subfield>
  <marc:subfield code="2">S25p</marc:subfield>
 </marc:datafield>
 <marc:datafield tag="080"  ind1=" " ind2=" " >
  <marc:subfield code="a">CDU</marc:subfield>
 </marc:datafield>
 <marc:datafield tag="100"  ind1=" " ind2=" " >
  <marc:subfield code="a">Sneddon I. N.</marc:subfield>
 </marc:datafield>
 <marc:datafield tag="245"  ind1="" ind2="" >
  <marc:subfield code="a">Progress in solid mechanics / I. N. Sneddon  /and/  R. Hill /</marc:subfield>
  <marc:subfield code="b"></marc:subfield>
  <marc:subfield code="c">Sneddon, I. N.; Hill, R.; </marc:subfield>
  <marc:subfield code="h"></marc:subfield>
 </marc:datafield>
 <marc:datafield tag="260"  ind1=" " ind2=" " >
  <marc:subfield code="c">1960</marc:subfield>
  <marc:subfield code="b">North-Holland Publishing Company</marc:subfield>
  <marc:subfield code="a">Amsterdam</marc:subfield>
 </marc:datafield>
 <marc:datafield tag="300"  ind1=" " ind2=" " >
  <marc:subfield code="a">xii, 448 p</marc:subfield>
  <marc:subfield code="b">fig. ; cuadros. ; 22 cm.  (Series in Physics)</marc:subfield>
 </marc:datafield>
 <marc:datafield tag="338"  ind1=" " ind2=" " >
  <marc:subfield code="a"></marc:subfield>
 </marc:datafield>
 <marc:datafield tag="500"  ind1=" " ind2=" " >
  <marc:subfield code="a">Referencias al final de c/cap.</marc:subfield>
 </marc:datafield>
 <marc:datafield tag="500"  ind1=" " ind2=" " >
  <marc:subfield code="a">Indice p: 441-448</marc:subfield>
 </marc:datafield>
 <marc:datafield tag="650"  ind1=" " ind2="4 " >
  <marc:subfield code="a">FISICA</marc:subfield>
 </marc:datafield>
 <marc:datafield tag="650"  ind1=" " ind2="4 " >
  <marc:subfield code="a">MECANICA DE SOLIDOS</marc:subfield>
 </marc:datafield>
 <marc:datafield tag="653"  ind1=" " ind2="4 " >
  <marc:subfield code="a">MECANICA DE SOLIDOS ELASTICOS</marc:subfield>
 </marc:datafield>
 <marc:datafield tag="653"  ind1=" " ind2="4 " >
  <marc:subfield code="a">FISICA DEL ESTADO SOLIDO</marc:subfield>
 </marc:datafield>
 <marc:datafield tag="653"  ind1=" " ind2="4 " >
  <marc:subfield code="a">MECANICA DE SOLIDOS</marc:subfield>
 </marc:datafield>
 <marc:datafield tag="653"  ind1=" " ind2="4 " >
  <marc:subfield code="a">POTENCIAL ELASTICO</marc:subfield>
 </marc:datafield>
 <marc:datafield tag="653"  ind1=" " ind2="4 " >
  <marc:subfield code="a">ELASTICIDAD DEFORMACION</marc:subfield>
 </marc:datafield>
 <marc:datafield tag="653"  ind1=" " ind2="4 " >
  <marc:subfield code="a">RELACIONES ENTRE FUERZAS ELASTICAS Y DEFORMACIONES</marc:subfield>
 </marc:datafield>
 <marc:datafield tag="653"  ind1=" " ind2="4 " >
  <marc:subfield code="a">SOLIDOS ELASTICOS</marc:subfield>
 </marc:datafield>
 <marc:datafield tag="653"  ind1=" " ind2="4 " >
  <marc:subfield code="a">COMPORTAMIENTO FISICO DE LOS ESTADOS SOLIDOS</marc:subfield>
 </marc:datafield>
 <marc:datafield tag="942"  ind1=" " ind2="" >
  <marc:subfield code="c">BK</marc:subfield>
 </marc:datafield>
 <marc:datafield tag="952"  ind1=" " ind2=" " >
  <marc:subfield code="p">Maestría y Doctorado en Ingeniería, Ing. Enrique Galindez</marc:subfield>
  <marc:subfield code="i">Maestría y Doctorado en Ingeniería, Ing. Enrique Galindez</marc:subfield>
  <marc:subfield code="t">v. I</marc:subfield>
  <marc:subfield code="g">$</marc:subfield>
  <marc:subfield code="e">Compra Maestría y Doctorado en Ingeniería, Ing. Enrique Galindez</marc:subfield>
  <marc:subfield code="f">Ej. disp. Maestría y Doctorado en Ingrniería, Ing. Enrique Galindez</marc:subfield>
 </marc:datafield>
</marc:record>