
<marc:record>
<marc:leader>01000cam# 22002601a 4500</marc:leader>
<marc:controlfield tag="001">SEX00016654</marc:controlfield>
<marc:controlfield tag="003">SEX</marc:controlfield>
<marc:controlfield tag="005">20190911113228</marc:controlfield>
<marc:controlfield tag="008">20130723|        ###||||||b   |||||||ES  ||</marc:controlfield>
 <marc:datafield tag="037"  ind1=" " ind2=" " >
  <marc:subfield code="a">00018208</marc:subfield>
 </marc:datafield>
 <marc:datafield tag="040"  ind1=" " ind2=" " >
  <marc:subfield code="a">AR-SmtUNC</marc:subfield>
  <marc:subfield code="b">spa</marc:subfield>
 </marc:datafield>
 <marc:datafield tag="041"  ind1=" " ind2=" " >
  <marc:subfield code="b">eng</marc:subfield>
 </marc:datafield>
 <marc:datafield tag="044"  ind1=" " ind2=" " >
  <marc:subfield code="b">xxk</marc:subfield>
 </marc:datafield>
 <marc:datafield tag="046"  ind1=" " ind2=" " >
 </marc:datafield>
 <marc:datafield tag="080"  ind1=" " ind2=" " >
  <marc:subfield code="a">621.317.755</marc:subfield>
  <marc:subfield code="2">W671c4</marc:subfield>
 </marc:datafield>
 <marc:datafield tag="080"  ind1=" " ind2=" " >
  <marc:subfield code="a">CDU</marc:subfield>
 </marc:datafield>
 <marc:datafield tag="100"  ind1=" " ind2=" " >
  <marc:subfield code="a">Wilson W</marc:subfield>
 </marc:datafield>
 <marc:datafield tag="245"  ind1="" ind2="" >
  <marc:subfield code="a">The cathode ray oscillograph in industry / W. Wilson /</marc:subfield>
  <marc:subfield code="b"></marc:subfield>
  <marc:subfield code="c">Wilson, W; </marc:subfield>
  <marc:subfield code="h"></marc:subfield>
 </marc:datafield>
 <marc:datafield tag="250"  ind1=" " ind2=" " >
  <marc:subfield code="d">/4a. ed. rev./</marc:subfield>
 </marc:datafield>
 <marc:datafield tag="260"  ind1=" " ind2=" " >
  <marc:subfield code="c">/1953/</marc:subfield>
  <marc:subfield code="b">Chapman &amp; Hall LTD</marc:subfield>
  <marc:subfield code="a">London</marc:subfield>
 </marc:datafield>
 <marc:datafield tag="300"  ind1=" " ind2=" " >
  <marc:subfield code="a">xvi,273p</marc:subfield>
  <marc:subfield code="b">fig.  20 cm</marc:subfield>
 </marc:datafield>
 <marc:datafield tag="338"  ind1=" " ind2=" " >
  <marc:subfield code="a"></marc:subfield>
 </marc:datafield>
 <marc:datafield tag="500"  ind1=" " ind2=" " >
  <marc:subfield code="a">Apéndice p: 244-268</marc:subfield>
 </marc:datafield>
 <marc:datafield tag="500"  ind1=" " ind2=" " >
  <marc:subfield code="a">Indice p: 269-273</marc:subfield>
 </marc:datafield>
 <marc:datafield tag="650"  ind1=" " ind2="4 " >
  <marc:subfield code="a">INGENIERIA ELECTRICA</marc:subfield>
 </marc:datafield>
 <marc:datafield tag="653"  ind1=" " ind2="4 " >
  <marc:subfield code="a">APARATOS DE MEDIDA ELECTRICA</marc:subfield>
 </marc:datafield>
 <marc:datafield tag="653"  ind1=" " ind2="4 " >
  <marc:subfield code="a">OSCILOGRAFO DE RAYOS CATODICOS</marc:subfield>
 </marc:datafield>
 <marc:datafield tag="653"  ind1=" " ind2="4 " >
  <marc:subfield code="a">PRINCIPIOS GENERALES Y DISEÑO</marc:subfield>
 </marc:datafield>
 <marc:datafield tag="653"  ind1=" " ind2="4 " >
  <marc:subfield code="a">CIRCUITOS ACCESORIOS</marc:subfield>
 </marc:datafield>
 <marc:datafield tag="653"  ind1=" " ind2="4 " >
  <marc:subfield code="a">ENSAYOS DIFERENCIALES</marc:subfield>
 </marc:datafield>
 <marc:datafield tag="653"  ind1=" " ind2="4 " >
  <marc:subfield code="a">REGISTRO DE TENSIONES Y PRESIONES MECANICAS</marc:subfield>
 </marc:datafield>
 <marc:datafield tag="653"  ind1=" " ind2="4 " >
  <marc:subfield code="a">EL MICROSPIO ELECTRONICO</marc:subfield>
 </marc:datafield>
 <marc:datafield tag="653"  ind1=" " ind2="4 " >
  <marc:subfield code="a">CONSTRUCCION, FUNCIONAMIENTO Y MANTENIMIENTO</marc:subfield>
 </marc:datafield>
 <marc:datafield tag="653"  ind1=" " ind2="4 " >
  <marc:subfield code="a">APARATOS DE MEDIDA ELECTRICA</marc:subfield>
 </marc:datafield>
 <marc:datafield tag="653"  ind1=" " ind2="4 " >
  <marc:subfield code="a">OSCILOSCOPIO</marc:subfield>
 </marc:datafield>
 <marc:datafield tag="942"  ind1=" " ind2="" >
  <marc:subfield code="c">BK</marc:subfield>
 </marc:datafield>
 <marc:datafield tag="952"  ind1=" " ind2=" " >
  <marc:subfield code="p">00018208</marc:subfield>
  <marc:subfield code="i">00018208</marc:subfield>
  <marc:subfield code="g">$ 20</marc:subfield>
  <marc:subfield code="f">PRES</marc:subfield>
 </marc:datafield>
</marc:record>