
<marc:record>
<marc:leader>01000cam# 22002601a 4500</marc:leader>
<marc:controlfield tag="001">SEX00016681</marc:controlfield>
<marc:controlfield tag="003">SEX</marc:controlfield>
<marc:controlfield tag="005">20190911113228</marc:controlfield>
<marc:controlfield tag="008">20130828|        ###||||||b   |||||||ES  ||</marc:controlfield>
 <marc:datafield tag="037"  ind1=" " ind2=" " >
  <marc:subfield code="a">00004751</marc:subfield>
 </marc:datafield>
 <marc:datafield tag="040"  ind1=" " ind2=" " >
  <marc:subfield code="a">AR-SmtUNC</marc:subfield>
  <marc:subfield code="b">spa</marc:subfield>
 </marc:datafield>
 <marc:datafield tag="041"  ind1=" " ind2=" " >
  <marc:subfield code="b">eng</marc:subfield>
 </marc:datafield>
 <marc:datafield tag="044"  ind1=" " ind2=" " >
  <marc:subfield code="b">xxu</marc:subfield>
 </marc:datafield>
 <marc:datafield tag="046"  ind1=" " ind2=" " >
 </marc:datafield>
 <marc:datafield tag="080"  ind1=" " ind2=" " >
  <marc:subfield code="a">621.396</marc:subfield>
  <marc:subfield code="2">T274m</marc:subfield>
 </marc:datafield>
 <marc:datafield tag="080"  ind1=" " ind2=" " >
  <marc:subfield code="a">CDU</marc:subfield>
 </marc:datafield>
 <marc:datafield tag="100"  ind1=" " ind2=" " >
  <marc:subfield code="a">Terman Frederick Emmons</marc:subfield>
 </marc:datafield>
 <marc:datafield tag="245"  ind1="" ind2="" >
  <marc:subfield code="a">Measurements in radio engineering / Frederick Emmons Terman /</marc:subfield>
  <marc:subfield code="b"></marc:subfield>
  <marc:subfield code="c">Terman, Frederick Emmons; </marc:subfield>
  <marc:subfield code="h"></marc:subfield>
 </marc:datafield>
 <marc:datafield tag="260"  ind1=" " ind2=" " >
  <marc:subfield code="c">/c.1935/</marc:subfield>
  <marc:subfield code="b">McGraw-Hill</marc:subfield>
  <marc:subfield code="a">New York-London</marc:subfield>
 </marc:datafield>
 <marc:datafield tag="300"  ind1=" " ind2=" " >
  <marc:subfield code="a">x,400p</marc:subfield>
  <marc:subfield code="b">fig.  22 cm.</marc:subfield>
 </marc:datafield>
 <marc:datafield tag="338"  ind1=" " ind2=" " >
  <marc:subfield code="a"></marc:subfield>
 </marc:datafield>
 <marc:datafield tag="500"  ind1=" " ind2=" " >
  <marc:subfield code="a">Apéndices p: 365-391</marc:subfield>
 </marc:datafield>
 <marc:datafield tag="500"  ind1=" " ind2=" " >
  <marc:subfield code="a">Indice p: 393-400</marc:subfield>
 </marc:datafield>
 <marc:datafield tag="650"  ind1=" " ind2="4 " >
  <marc:subfield code="a">ELECTRONICA</marc:subfield>
 </marc:datafield>
 <marc:datafield tag="650"  ind1=" " ind2="4 " >
  <marc:subfield code="a">RADIOCOMUNICACION</marc:subfield>
 </marc:datafield>
 <marc:datafield tag="653"  ind1=" " ind2="4 " >
  <marc:subfield code="a">ELECTRONICA</marc:subfield>
 </marc:datafield>
 <marc:datafield tag="653"  ind1=" " ind2="4 " >
  <marc:subfield code="a">INGENIERIA DE RADIO: MEDICIONES</marc:subfield>
 </marc:datafield>
 <marc:datafield tag="653"  ind1=" " ind2="4 " >
  <marc:subfield code="a">METODOS DE SUSTITUCION DE MEDIDAS EN FRECUENCIA DE RADIO</marc:subfield>
 </marc:datafield>
 <marc:datafield tag="653"  ind1=" " ind2="4 " >
  <marc:subfield code="a">RESISTENCIAS, INDUCTANCIA Y DISPOSITIVOS DE CAPACIDAD</marc:subfield>
 </marc:datafield>
 <marc:datafield tag="653"  ind1=" " ind2="4 " >
  <marc:subfield code="a">AMPLIFICACION DE AUDIOFRECUENCIA</marc:subfield>
 </marc:datafield>
 <marc:datafield tag="653"  ind1=" " ind2="4 " >
  <marc:subfield code="a">MEDICIONES DE OSCILADORES, AMPLIFICADORES DE POTENCIA Y MODULACION</marc:subfield>
 </marc:datafield>
 <marc:datafield tag="653"  ind1=" " ind2="4 " >
  <marc:subfield code="a">MEDICIONES DE ONDAS DE RADIO, ANTENAS Y LINEAS DE TRANSMISION</marc:subfield>
 </marc:datafield>
 <marc:datafield tag="653"  ind1=" " ind2="4 " >
  <marc:subfield code="a">OSCILADORES DE LABORATORIO</marc:subfield>
 </marc:datafield>
 <marc:datafield tag="653"  ind1=" " ind2="4 " >
  <marc:subfield code="a">TUBOS DE RAYOS CATODICOS</marc:subfield>
 </marc:datafield>
 <marc:datafield tag="653"  ind1=" " ind2="4 " >
  <marc:subfield code="a">ELECTROTECNIA</marc:subfield>
 </marc:datafield>
 <marc:datafield tag="653"  ind1=" " ind2="4 " >
  <marc:subfield code="a">INGENIERIA DE RADIO</marc:subfield>
 </marc:datafield>
 <marc:datafield tag="942"  ind1=" " ind2="" >
  <marc:subfield code="c">BK</marc:subfield>
 </marc:datafield>
 <marc:datafield tag="952"  ind1=" " ind2=" " >
  <marc:subfield code="p">00004751</marc:subfield>
  <marc:subfield code="i">00004751</marc:subfield>
  <marc:subfield code="g">$ 25</marc:subfield>
  <marc:subfield code="e">Donación Ing. Yalour</marc:subfield>
  <marc:subfield code="f">PRES</marc:subfield>
 </marc:datafield>
 <marc:datafield tag="952"  ind1=" " ind2=" " >
  <marc:subfield code="p">00018241</marc:subfield>
  <marc:subfield code="i">00018241</marc:subfield>
  <marc:subfield code="f">PRES</marc:subfield>
  <marc:subfield code="g">20</marc:subfield>
  <marc:subfield code="t">Ej. 2</marc:subfield>
  <marc:subfield code="e"></marc:subfield>
  <marc:subfield code="a"></marc:subfield>
  <marc:subfield code="c"></marc:subfield>
 </marc:datafield>
</marc:record>