
<marc:record>
<marc:leader>01000cam# 22002601a 4500</marc:leader>
<marc:controlfield tag="001">SEX00016704</marc:controlfield>
<marc:controlfield tag="003">SEX</marc:controlfield>
<marc:controlfield tag="005">20190911113228</marc:controlfield>
<marc:controlfield tag="008">20130910|        ###||||||b   |||||||ES  ||</marc:controlfield>
 <marc:datafield tag="037"  ind1=" " ind2=" " >
  <marc:subfield code="a">00016704</marc:subfield>
 </marc:datafield>
 <marc:datafield tag="040"  ind1=" " ind2=" " >
  <marc:subfield code="a">AR-SmtUNC</marc:subfield>
  <marc:subfield code="b">spa</marc:subfield>
 </marc:datafield>
 <marc:datafield tag="041"  ind1=" " ind2=" " >
  <marc:subfield code="b">spa</marc:subfield>
 </marc:datafield>
 <marc:datafield tag="044"  ind1=" " ind2=" " >
  <marc:subfield code="b">sp</marc:subfield>
 </marc:datafield>
 <marc:datafield tag="046"  ind1=" " ind2=" " >
 </marc:datafield>
 <marc:datafield tag="080"  ind1=" " ind2=" " >
  <marc:subfield code="a">621.91</marc:subfield>
  <marc:subfield code="2">M582m</marc:subfield>
 </marc:datafield>
 <marc:datafield tag="080"  ind1=" " ind2=" " >
  <marc:subfield code="a">CDU</marc:subfield>
 </marc:datafield>
 <marc:datafield tag="100"  ind1=" " ind2=" " >
  <marc:subfield code="a">Michalik A.</marc:subfield>
 </marc:datafield>
 <marc:datafield tag="245"  ind1="" ind2="" >
  <marc:subfield code="a">Mecanizado de metales : </marc:subfield>
  <marc:subfield code="b">una introducción al trabajo de metales con máquinas que arrancan viruta / A. Michalik /y/ L. Eberman.--/Versión española de la 2a. edición en alemán/ /</marc:subfield>
  <marc:subfield code="c">Michalik, A.; Eberman, L.; </marc:subfield>
  <marc:subfield code="h"></marc:subfield>
 </marc:datafield>
 <marc:datafield tag="260"  ind1=" " ind2=" " >
  <marc:subfield code="c">/c.1948/</marc:subfield>
  <marc:subfield code="b">Reverté</marc:subfield>
  <marc:subfield code="a">Barcelona</marc:subfield>
 </marc:datafield>
 <marc:datafield tag="300"  ind1=" " ind2=" " >
  <marc:subfield code="a">219p</marc:subfield>
  <marc:subfield code="b">fig ., tablas.   20 cm</marc:subfield>
 </marc:datafield>
 <marc:datafield tag="338"  ind1=" " ind2=" " >
  <marc:subfield code="a"></marc:subfield>
 </marc:datafield>
 <marc:datafield tag="650"  ind1=" " ind2="4 " >
  <marc:subfield code="a">INGENIERIA MECANICA</marc:subfield>
 </marc:datafield>
 <marc:datafield tag="653"  ind1=" " ind2="4 " >
  <marc:subfield code="a">METALES: MECANIZADO CON FORMACION DE VIRUTA</marc:subfield>
 </marc:datafield>
 <marc:datafield tag="653"  ind1=" " ind2="4 " >
  <marc:subfield code="a">MECANIZADO DE METALES</marc:subfield>
 </marc:datafield>
 <marc:datafield tag="653"  ind1=" " ind2="4 " >
  <marc:subfield code="a">CORTE Y MECANIZADO CON ARRANQUE DE VIRUTA</marc:subfield>
 </marc:datafield>
 <marc:datafield tag="653"  ind1=" " ind2="4 " >
  <marc:subfield code="a">HERRAMIENTAS Y MAQUINAS-HERRAMIENTA</marc:subfield>
 </marc:datafield>
 <marc:datafield tag="653"  ind1=" " ind2="4 " >
  <marc:subfield code="a">TORNEADO</marc:subfield>
 </marc:datafield>
 <marc:datafield tag="653"  ind1=" " ind2="4 " >
  <marc:subfield code="a">FRESADO</marc:subfield>
 </marc:datafield>
 <marc:datafield tag="653"  ind1=" " ind2="4 " >
  <marc:subfield code="a">RECTIFICADO</marc:subfield>
 </marc:datafield>
 <marc:datafield tag="653"  ind1=" " ind2="4 " >
  <marc:subfield code="a">TALADRAR, PENETRAR Y ESCARIAR</marc:subfield>
 </marc:datafield>
 <marc:datafield tag="653"  ind1=" " ind2="4 " >
  <marc:subfield code="a">TRABAJO DE METALES</marc:subfield>
 </marc:datafield>
 <marc:datafield tag="653"  ind1=" " ind2="4 " >
  <marc:subfield code="a">TRABAJO DE METALES CON MAQUINAS QUE ARRANCAN VIRUTA</marc:subfield>
 </marc:datafield>
 <marc:datafield tag="942"  ind1=" " ind2="" >
  <marc:subfield code="c">BK</marc:subfield>
 </marc:datafield>
 <marc:datafield tag="952"  ind1=" " ind2=" " >
  <marc:subfield code="p">00016704</marc:subfield>
  <marc:subfield code="i">00016704</marc:subfield>
  <marc:subfield code="g">$1</marc:subfield>
  <marc:subfield code="e">Compra Dpto. Mecánica (Int. 7577)</marc:subfield>
  <marc:subfield code="f">Ej. disponible en Dpto. Mecánica (Int. 7577)</marc:subfield>
 </marc:datafield>
</marc:record>