
<marc:record>
<marc:leader>01000cam# 22002601a 4500</marc:leader>
<marc:controlfield tag="001">SEX00016794</marc:controlfield>
<marc:controlfield tag="003">SEX</marc:controlfield>
<marc:controlfield tag="005">20190911113228</marc:controlfield>
<marc:controlfield tag="008">20140320|        ###||||||b   |||||||ES  ||</marc:controlfield>
 <marc:datafield tag="020"  ind1=" " ind2=" " >
  <marc:subfield code="a">9788429130638</marc:subfield>
 </marc:datafield>
 <marc:datafield tag="037"  ind1=" " ind2=" " >
  <marc:subfield code="a">00018545</marc:subfield>
 </marc:datafield>
 <marc:datafield tag="040"  ind1=" " ind2=" " >
  <marc:subfield code="a">AR-SmtUNC</marc:subfield>
  <marc:subfield code="b">spa</marc:subfield>
 </marc:datafield>
 <marc:datafield tag="041"  ind1=" " ind2=" " >
  <marc:subfield code="b">spa</marc:subfield>
 </marc:datafield>
 <marc:datafield tag="044"  ind1=" " ind2=" " >
  <marc:subfield code="b">sp</marc:subfield>
 </marc:datafield>
 <marc:datafield tag="046"  ind1=" " ind2=" " >
 </marc:datafield>
 <marc:datafield tag="080"  ind1=" " ind2=" " >
  <marc:subfield code="a">537.2/.8:621.3</marc:subfield>
  <marc:subfield code="2">P722e</marc:subfield>
 </marc:datafield>
 <marc:datafield tag="080"  ind1=" " ind2=" " >
  <marc:subfield code="a">CDU</marc:subfield>
 </marc:datafield>
 <marc:datafield tag="100"  ind1=" " ind2=" " >
  <marc:subfield code="a">Plonus Martin A.</marc:subfield>
 </marc:datafield>
 <marc:datafield tag="245"  ind1="" ind2="" >
  <marc:subfield code="a">Electromagnetismo aplicado / Martin A.  Plonus.-- / Versión española Marcos Pujal Carrera/ /</marc:subfield>
  <marc:subfield code="b"></marc:subfield>
  <marc:subfield code="c">Plonus, Martin A.; </marc:subfield>
  <marc:subfield code="h"></marc:subfield>
 </marc:datafield>
 <marc:datafield tag="260"  ind1=" " ind2=" " >
  <marc:subfield code="c">/c.1982/</marc:subfield>
  <marc:subfield code="b">Reverté</marc:subfield>
  <marc:subfield code="a">Barcelona</marc:subfield>
 </marc:datafield>
 <marc:datafield tag="300"  ind1=" " ind2=" " >
  <marc:subfield code="a">xxii, 734 p</marc:subfield>
  <marc:subfield code="b">fig. ; tablas. ;  24 cm.</marc:subfield>
 </marc:datafield>
 <marc:datafield tag="338"  ind1=" " ind2=" " >
  <marc:subfield code="a"></marc:subfield>
 </marc:datafield>
 <marc:datafield tag="500"  ind1=" " ind2=" " >
  <marc:subfield code="a">Problemas al final de c/cap.</marc:subfield>
 </marc:datafield>
 <marc:datafield tag="500"  ind1=" " ind2=" " >
  <marc:subfield code="a">Apéndice p: 717-725</marc:subfield>
 </marc:datafield>
 <marc:datafield tag="500"  ind1=" " ind2=" " >
  <marc:subfield code="a">Indice p: 727-734</marc:subfield>
 </marc:datafield>
 <marc:datafield tag="650"  ind1=" " ind2="4 " >
  <marc:subfield code="a">FISICA</marc:subfield>
 </marc:datafield>
 <marc:datafield tag="650"  ind1=" " ind2="4 " >
  <marc:subfield code="a">INGENIERIA ELECTRICA</marc:subfield>
 </marc:datafield>
 <marc:datafield tag="653"  ind1=" " ind2="4 " >
  <marc:subfield code="a">FISICA</marc:subfield>
 </marc:datafield>
 <marc:datafield tag="653"  ind1=" " ind2="4 " >
  <marc:subfield code="a">ELECTROMAGNETISMO</marc:subfield>
 </marc:datafield>
 <marc:datafield tag="653"  ind1=" " ind2="4 " >
  <marc:subfield code="a">CAMPOS ELECTRICOS ESTATICOS</marc:subfield>
 </marc:datafield>
 <marc:datafield tag="653"  ind1=" " ind2="4 " >
  <marc:subfield code="a">DENSIDAD DE FLUJO ELECTRICO</marc:subfield>
 </marc:datafield>
 <marc:datafield tag="653"  ind1=" " ind2="4 " >
  <marc:subfield code="a">CAMPO ELECTROSTATICO</marc:subfield>
 </marc:datafield>
 <marc:datafield tag="653"  ind1=" " ind2="4 " >
  <marc:subfield code="a">PRECIPITADORES ELECTROSTATICOS</marc:subfield>
 </marc:datafield>
 <marc:datafield tag="653"  ind1=" " ind2="4 " >
  <marc:subfield code="a">CONTROL DE CONTAMINACION DEL AIRE</marc:subfield>
 </marc:datafield>
 <marc:datafield tag="653"  ind1=" " ind2="4 " >
  <marc:subfield code="a">TEORIA ELECTROMAGNETICA</marc:subfield>
 </marc:datafield>
 <marc:datafield tag="653"  ind1=" " ind2="4 " >
  <marc:subfield code="a">FUENTE DE VOLTAJE (FEM)</marc:subfield>
 </marc:datafield>
 <marc:datafield tag="653"  ind1=" " ind2="4 " >
  <marc:subfield code="a">CORRIENTE ELECTRIOCA ESTACIONARIA</marc:subfield>
 </marc:datafield>
 <marc:datafield tag="900"  ind1=" " ind2=" " >
  <marc:subfield code="a">Operador: Ali</marc:subfield>
 </marc:datafield>
 <marc:datafield tag="942"  ind1=" " ind2="" >
  <marc:subfield code="c">BK</marc:subfield>
 </marc:datafield>
 <marc:datafield tag="952"  ind1=" " ind2=" " >
  <marc:subfield code="p">00018545</marc:subfield>
  <marc:subfield code="i">00018545</marc:subfield>
  <marc:subfield code="t">Ej. 2</marc:subfield>
  <marc:subfield code="g">$546,90</marc:subfield>
  <marc:subfield code="e">Compra SBS /2013</marc:subfield>
  <marc:subfield code="f">PRES</marc:subfield>
 </marc:datafield>
 <marc:datafield tag="952"  ind1=" " ind2=" " >
  <marc:subfield code="p">00018544</marc:subfield>
  <marc:subfield code="i">00018544</marc:subfield>
  <marc:subfield code="f">PRES</marc:subfield>
  <marc:subfield code="g">546,90</marc:subfield>
  <marc:subfield code="t"></marc:subfield>
  <marc:subfield code="e">Compra SBS /2013</marc:subfield>
  <marc:subfield code="a"></marc:subfield>
  <marc:subfield code="c"></marc:subfield>
 </marc:datafield>
</marc:record>